<?xml version="1.0" encoding="UTF-8"?><collection xmlns="http://www.loc.gov/MARC21/slim"><record><leader>00549nam--2200181-i-4500</leader><controlfield tag="001">000033632</controlfield><controlfield tag="002">20161230</controlfield><controlfield tag="005">20161230201039</controlfield><controlfield tag="008">060222s1000------------r-----000-0-eng-d</controlfield><datafield ind1=" " ind2=" " tag="020"><subfield code="a">0667034903</subfield></datafield><datafield ind1=" " ind2=" " tag="040"><subfield code="a">IFIN-HH</subfield></datafield><datafield ind1=" " ind2=" " tag="080"><subfield code="a">52-726:533.951</subfield></datafield><datafield ind1="1" ind2=" " tag="100"><subfield code="a">Melrose, D.B</subfield></datafield><datafield ind1="1" ind2="0" tag="245"><subfield code="a">Plasma astrophysics. nonthermal processes in diffuse magmetized plasmas. volume 2 astrophysical applications</subfield><subfield code="c">.d.b. melrose</subfield></datafield><datafield ind1=" " ind2=" " tag="260"><subfield code="a">New York</subfield><subfield code="b">Gordon And Breach</subfield><subfield code="c">1980</subfield></datafield><datafield ind1=" " ind2=" " tag="300"><subfield code="a">GORDON AND BREACH</subfield></datafield><datafield ind1=" " ind2=" " tag="852"><subfield code="a">70771</subfield><subfield code="c">523</subfield></datafield><datafield ind1=" " ind2=" " tag="CAT"><subfield code="a">Sys</subfield><subfield code="c">20141204</subfield><subfield code="h">174321</subfield></datafield></record></collection>